@article{criminisi2002single,
  title={Single-view metrology: Algorithms and applications},
  author={Criminisi, Antonio},
  journal={Pattern Recognition},
  pages={224--239},
  year={2002},
  publisher={Springer},
  url={https://www.microsoft.com/en-us/research/wp-content/uploads/2016/02/criminisi_dagm2002.pdf}
}
